@online{noauthor_uci_nodate,
	title = {{UCI} Machine Learning Repository: Arrhythmia Data Set},
	url = {http://archive.ics.uci.edu/ml/datasets/Arrhythmia},
	urldate = {2020-12-01},
	file = {UCI Machine Learning Repository\: Arrhythmia Data Set:/home/moritz/Zotero/storage/6BTRGA7F/Arrhythmia.html:text/html}
}

% A


@article{aggarwal2001outlier,
    author = {Aggarwal, Charu C. and Yu, Philip S.},
    title = {Outlier Detection for High Dimensional Data},
    year = {2001},
    issue_date = {June 2001},
    publisher = {Association for Computing Machinery},
    address = {New York, NY, USA},
    volume = {30},
    number = {2},
    issn = {0163-5808},
    doi = {10.1145/376284.375668},
    journal = {SIGMOD Rec.},
    month = {may},
    pages = {37–46},
    numpages = {10}
}


@inproceedings{aggarwal2015outlier,
  title={Outlier analysis},
  author={Aggarwal, Charu C},
  booktitle={Data mining},
  pages={237--263},
  year={2015},
  publisher={Springer}
}

@inproceedings{aggarwal2017outlier,
  title={Outlier Analysis},
  author={Aggarwal, Charu C},
  edition={2},
  year={2017},
  publisher={Springer},
  address={Cham}
}

@book{aggarwal2017outlier,
  title={Outlier Analysis},
  author={Aggarwal, Charu C},
  edition={2},
  year={2017},
  publisher={Springer},
  address={Cham},
  doi={10.1007/978-3-319-47578-3}
}


@article{ali2019timecluster,
  title={Time{C}luster: dimension reduction applied to temporal data for visual analytics},
  author={Ali, Mohammed and Jones, Mark W and Xie, Xianghua and Williams, Mark},
  journal={The Visual Computer},
  volume={35},
  number={6},
  pages={1013--1026},
  year={2019},
  doi={10.1007/s00371-019-01673-y},
  publisher={Springer}
}

@article{alty2017use,
	author = {Alty, Jane and Cosgrove, Jeremy and Thorpe, Deborah and Kempster, Peter},
	title = {How to use pen and paper tasks to aid tremor diagnosis in the clinic},
	volume = {17},
	number = {6},
	pages = {456--463},
	year = {2017},
	doi = {10.1136/practneurol-2017-001719},
	publisher = {BMJ Publishing Group Ltd},
	issn = {1474-7758},
	URL = {https://pn.bmj.com/content/17/6/456},
	eprint = {https://pn.bmj.com/content/17/6/456.full.pdf},
	journal = {Practical Neurology}
}

@article{arribas2015discussion,
  title={Discussion of “{M}ultivariate functional outlier detection”},
  author={Arribas-Gil, Ana and Romo, Juan},
  journal={Statistical Methods \& Applications},
  volume={24},
  number={2},
  pages={263--267},
  year={2015},
  publisher={Springer}
}

@article{azcorra2018unsupervised,
  title={Unsupervised scalable statistical method for identifying influential users in online social networks},
  author={Azcorra, Arturo and Chiroque, Luis F and Cuevas, Rub{\'e}n and Anta, A Fern{\'a}ndez and Laniado, Henry and Lillo, Rosa Elvira and Romo, Juan and Sguera, Carlo},
  journal={Scientific reports},
  volume={8},
  number={1},
  pages={1--7},
  year={2018},
  doi={10.1038/s41598-018-24874-2},
  publisher={Nature Publishing Group}
}

% B

@article{becht2019dimensionality,
  title={Dimensionality reduction for visualizing single-cell data using UMAP},
  author={Becht, Etienne and McInnes, Leland and Healy, John and Dutertre, Charles-Antoine and Kwok, Immanuel WH and Ng, Lai Guan and Ginhoux, Florent and Newell, Evan W},
  journal={Nature biotechnology},
  volume={37},
  number={1},
  pages={38--44},
  year={2019},
  publisher={Nature Publishing Group}
}

@InProceedings{beggel_AAE,
author="Beggel, Laura
and Pfeiffer, Michael
and Bischl, Bernd",
editor="Brefeld, Ulf
and Fromont, Elisa
and Hotho, Andreas
and Knobbe, Arno
and Maathuis, Marloes
and Robardet, C{\'e}line",
title="Robust Anomaly Detection in Images Using Adversarial Autoencoders",
booktitle="Machine Learning and Knowledge Discovery in Databases",
year="2020",
publisher="Springer International Publishing",
address="Cham",
pages="206--222",
abstract="Reliably detecting anomalies in a given set of images is a task of high practical relevance for visual quality inspection, surveillance, or medical image analysis. Autoencoder neural networks learn to reconstruct normal images, and hence can classify those images as anomalies, where the reconstruction error exceeds some threshold. Here we analyze a fundamental problem of this approach when the training set is contaminated with a small fraction of outliers. We find that continued training of autoencoders inevitably reduces the reconstruction error of outliers, and hence degrades the anomaly detection performance. In order to counteract this effect, an adversarial autoencoder architecture is adapted, which imposes a prior distribution on the latent representation, typically placing anomalies into low likelihood-regions. Utilizing the likelihood model, potential anomalies can be identified and rejected already during training, which results in an anomaly detector that is significantly more robust to the presence of outliers during training.",
isbn="978-3-030-46150-8"
}

@article{belkin2003laplacian,
  title={Laplacian eigenmaps for dimensionality reduction and data representation},
  author={Belkin, Mikhail and Niyogi, Partha},
  journal={Neural computation},
  volume={15},
  number={6},
  pages={1373--1396},
  year={2003},
  publisher={MIT Press},
  doi={10.1162/089976603321780317}
}

@article{bengio2014representation,
  title={Representation learning: A review and new perspectives},
  author={Bengio, Yoshua and Courville, Aaron and Vincent, Pascal},
  journal={IEEE transactions on pattern analysis and machine intelligence},
  volume={35},
  number={8},
  pages={1798--1828},
  year={2013},
  publisher={IEEE}
}

@InProceedings{beyer1999nearest,
author="Beyer, Kevin
and Goldstein, Jonathan
and Ramakrishnan, Raghu
and Shaft, Uri",
editor="Beeri, Catriel
and Buneman, Peter",
title="When Is ``Nearest Neighbor'' Meaningful?",
booktitle="Database Theory --- ICDT'99",
year="1999",
publisher="Springer Berlin Heidelberg",
address="Berlin, Heidelberg",
pages="217--235",
isbn="978-3-540-49257-3",
doi={10.1007/3-540-49257-7_15}
}


@article{breunig2000lof,
author = {Breunig, Markus M. and Kriegel, Hans-Peter and Ng, Raymond T. and Sander, J\"{o}rg},
title = {{LOF}: Identifying Density-Based Local Outliers},
year = {2000},
issue_date = {June 2000},
publisher = {Association for Computing Machinery},
address = {New York, NY, USA},
volume = {29},
number = {2},
issn = {0163-5808},
url = {https://doi.org/10.1145/335191.335388},
doi = {10.1145/335191.335388},
journal = {SIGMOD Rec.},
month = {may},
pages = {93–104},
numpages = {12},
keywords = {database mining, outlier detection}
}


% C

@techreport{cayton2005algorithms,
	title = {Algorithms for manifold learning},
	abstract = {Manifold learning is a popular recent approach to nonlinear dimensionality reduction. Algorithms for this task are based on the idea that the dimensionality of many data sets is only artiﬁcially high; though each data point consists of perhaps thousands of features, it may be described as a function of only a few underlying parameters. That is, the data points are actually samples from a low-dimensional manifold that is embedded in a high-dimensional space. Manifold learning algorithms attempt to uncover these parameters in order to ﬁnd a low-dimensional representation of the data. In this paper, we discuss the motivation, background, and algorithms proposed for manifold learning. Isomap, Locally Linear Embedding, Laplacian Eigenmaps, Semideﬁnite Embedding, and a host of variants of these algorithms are examined.},
	institution={Univ. of California at San Diego Tech. Rep},
    volume={12},
    number={1-17},
	author = {Cayton, Lawrence},
	year = {2005}
}

@article{campos2016evaluation,
  title={On the evaluation of unsupervised outlier detection: measures, datasets, and an empirical study},
  author={Campos, Guilherme O and Zimek, Arthur and Sander, J{\"o}rg and Campello, Ricardo JGB and Micenkov{\'a}, Barbora and Schubert, Erich and Assent, Ira and Houle, Michael E},
  journal={Data mining and knowledge discovery},
  volume={30},
  number={4},
  pages={891--927},
  year={2016},
  doi={10.1007/s10618-015-0444-8},
  publisher={Springer}
}


@article{chen2009local,
  title={Local multidimensional scaling for nonlinear dimension reduction, graph drawing, and proximity analysis},
  author={Chen, Lisha and Buja, Andreas},
  journal={Journal of the American Statistical Association},
  volume={104},
  number={485},
  pages={209--219},
  year={2009},
  publisher={Taylor \& Francis}
}

@article{chen2012nonlinear,
  title={Nonlinear manifold representations for functional data},
  author={Chen, Dong and M{\"u}ller, Hans-Georg},
  journal={The Annals of Statistics},
  volume={40},
  number={1},
  pages={1--29},
  year={2012},
  publisher={Institute of Mathematical Statistics}
}

@InProceedings{clemenccon2013scoring,
  title = 	 {Scoring anomalies: a {M}-estimation formulation},
  author = 	 {Clémençon, Stéphan and Jakubowicz, Jérémie},
  booktitle = 	 {Proceedings of the Sixteenth International Conference on Artificial Intelligence and Statistics},
  pages = 	 {659--667},
  year = 	 {2013},
  editor = 	 {Carvalho, Carlos M. and Ravikumar, Pradeep},
  volume = 	 {31},
  series = 	 {Proceedings of Machine Learning Research},
  address = 	 {Scottsdale, Arizona, USA},
  month = 	 {29 Apr--01 May},
  publisher =    {PMLR},
  pdf = 	 {http://proceedings.mlr.press/v31/clemencon13a.pdf},
  url = 	 {https://proceedings.mlr.press/v31/clemencon13a.html},
}

@article{coifman2006diffusion,
	series = {Special {Issue}: {Diffusion} {Maps} and {Wavelets}},
	title = {Diffusion maps},
	volume = {21},
	number = {1},
	urldate = {2020-03-23},
	journal = {Applied and Computational Harmonic Analysis},
	author = {Coifman, Ronald R. and Lafon, Stéphane},
	year = {2006},
	doi={10.1016/j.acha.2006.04.006},
	keywords = {Diffusion metric, Diffusion processes, Dimensionality reduction, Eigenmaps, Graph Laplacian, Manifold learning},
	pages = {5--30}
}

@article{coil20,
  title={Columbia Object Image Library: COIL-20},
  author={Nane, SA and Nayar, SK and Murase, H},
  journal={Dept. Comp. Sci., Columbia University, New York, Tech. Rep},
  year={1996}
}

@Inbook{cox2008multidimensional,
author="Cox, Michael A. A.
and Cox, Trevor F.",
title="Multidimensional Scaling",
bookTitle="Handbook of Data Visualization",
year="2008",
publisher="Springer Berlin Heidelberg",
address="Berlin, Heidelberg",
pages="315--347",
isbn="978-3-540-33037-0",
doi="10.1007/978-3-540-33037-0_14",
url="https://doi.org/10.1007/978-3-540-33037-0_14"
}

% D

@article{dai2018multivariate,
  title={Multivariate functional data visualization and outlier detection},
  author={Dai, Wenlin and Genton, Marc G},
  journal={Journal of Computational and Graphical Statistics},
  volume={27},
  number={4},
  pages={923--934},
  year={2018},
  publisher={Taylor \& Francis}
}


@article{dai2019directional,
  title={Directional outlyingness for multivariate functional data},
  author={Dai, Wenlin and Genton, Marc G},
  journal={Computational Statistics \& Data Analysis},
  volume={131},
  pages={50--65},
  year={2019},
  publisher={Elsevier}
}

@article{dai2020functional,
  title={Functional outlier detection and taxonomy by sequential transformations},
  author={Dai, Wenlin and Mrkvi{\v{c}}ka, Tom{\'a}{\v{s}} and Sun, Ying and Genton, Marc G},
  journal={Computational Statistics \& Data Analysis},
  volume={149},
  pages={106960},
  year={2020},
  doi={10.1016/j.csda.2020.106960},
  publisher={Elsevier}
}

@article{dau2019ucr,
  title={The {UCR} time series archive},
  author={Dau, Hoang Anh and Bagnall, Anthony and Kamgar, Kaveh and Yeh, Chin-Chia Michael and Zhu, Yan and Gharghabi, Shaghayegh and Ratanamahatana, Chotirat Ann and Keogh, Eamonn},
  journal={IEEE/CAA Journal of Automatica Sinica},
  volume={6},
  number={6},
  pages={1293--1305},
  doi={10.1109/JAS.2019.1911747},
  year={2019},
  publisher={IEEE}
}

% F

@article{febrero2012fdausc,
    title = {Statistical Computing in Functional Data Analysis: The {R} Package {fda.usc}},
    author = {Manuel Febrero-Bande and Manuel {Oviedo de la Fuente}},
    journal = {Journal of Statistical Software},
    year = {2012},
    volume = {51},
    number = {4},
    pages = {1--28},
    doi={10.18637/jss.v051.i04}
  }

@article{fuchs2015nearest,
  title={Nearest neighbor ensembles for functional data with interpretable feature selection},
  author={Fuchs, Karen and Gertheiss, Jan and Tutz, Gerhard},
  journal={Chemometrics and Intelligent Laboratory Systems},
  volume={146},
  pages={186--197},
  year={2015},
  publisher={Elsevier}
}

@article{fritsch2012detecting,
  title={Detecting outliers in high-dimensional neuroimaging datasets with robust covariance estimators},
  author={Fritsch, Virgile and Varoquaux, Ga{\"e}l and Thyreau, Benjamin and Poline, Jean-Baptiste and Thirion, Bertrand},
  journal={Medical image analysis},
  volume={16},
  number={7},
  pages={1359--1370},
  year={2012},
  publisher={Elsevier},
  doi={10.1016/j.media.2012.05.002}
}

% G

@article{gangbo2019unnormalized,
  title={Unnormalized optimal transport},
  author={Gangbo, Wilfrid and Li, Wuchen and Osher, Stanley and Puthawala, Michael},
  journal={Journal of Computational Physics},
  volume={399},
  pages={108940},
  year={2019},
  doi={10.1016/j.jcp.2019.108940},
  publisher={Elsevier}
}

@article{goldberger2000physiobank,
  title={Physio{B}ank, {P}hysio{T}oolkit, and {P}hysio{N}et: components of a new research resource for complex physiologic signals},
  author={Goldberger, Ary L and Amaral, Luis AN and Glass, Leon and Hausdorff, Jeffrey M and Ivanov, Plamen Ch and Mark, Roger G and Mietus, Joseph E and Moody, George B and Peng, Chung-Kang and Stanley, H Eugene},
  journal={Circulation},
  volume={101},
  number={23},
  pages={e215--e220},
  doi={10.1161/01.CIR.101.23.e215},
  year={2000},
  publisher={Am Heart Assoc}
}

@article{goldstein2016comparative,
  title={A comparative evaluation of unsupervised anomaly detection algorithms for multivariate data},
  author={Goldstein, Markus and Uchida, Seiichi},
  journal={PloS one},
  volume={11},
  number={4},
  pages={e0152173},
  year={2016},
  doi={10.1371/journal.pone.0152173},
  publisher={Public Library of Science San Francisco, CA USA}
}

% H

@article{harris2020elastic,
  title={Elastic depths for detecting shape anomalies in functional data},
  author={Harris, Trevor and Tucker, J Derek and Li, Bo and Shand, Lyndsay},
  journal={Technometrics},
  pages={1--11},
  year={2020},
  publisher={Taylor \& Francis}
}

@inproceedings{hernandez2106kernel,
	location = {Cham},
	title = {Kernel {D}epth {M}easures for {F}unctional {D}ata with {A}pplication to {O}utlier {D}etection},
	isbn = {978-3-319-44781-0},
	series = {Lecture Notes in Computer Science},
	pages = {235--242},
	doi={10.1007/978-3-319-44781-0_28},
	booktitle = {Artificial Neural Networks and Machine Learning – {ICANN} 2016},
	publisher = {Springer, Cham},
	author = {Hernández, Nicolás and Muñoz, Alberto},
	editor = {Villa, Alessandro E.P. and Masulli, Paolo and Pons Rivero, Antonio Javier},
	date = {2016},
	langid = {english},
	keywords = {Functional data analysis, Kernel depth, Outlier detection, Reproducing Kernel Hilbert Spaces},
	file = {Springer Full Text PDF:/home/moritz/Zotero/storage/TASYLMCY/Hernández and Muñoz - 2016 - Kernel Depth Measures for Functional Data with App.pdf:application/pdf}
}

@article{herrmann2020unsupervised,
  title={Unsupervised Functional Data Analysis via Nonlinear Dimension Reduction},
  author={Herrmann, Moritz and Scheipl, Fabian},
  journal={https://arxiv.org/abs/2012.11987},
  year={2020}
}

@article{herrmann2021geometric,
  title={A geometric perspective on functional outlier detection},
  author={Herrmann, Moritz and Scheipl, Fabian},
  journal={Stats},
  volume={4},
  number={4},
  pages={971--1011},
  year={2021},
  doi={10.3390/stats4040057},
  publisher={Multidisciplinary Digital Publishing Institute}
}

@article{huang2019decomposition,
  title={A decomposition of total variation depth for understanding functional outliers},
  author={Huang, Huang and Sun, Ying},
  journal={Technometrics},
  volume={61},
  number={4},
  pages={445--458},
  year={2019},
  publisher={Taylor \& Francis}
}


@article{hubert2015multivariate,
  title={Multivariate functional outlier detection},
  author={Hubert, Mia and Rousseeuw, Peter J and Segaert, Pieter},
  journal={Statistical Methods \& Applications},
  volume={24},
  number={2},
  pages={177--202},
  year={2015},
  publisher={Springer}
}

% I

@inproceedings{isenkul2014improved,
  title={Improved spiral test using digitized graphics tablet for monitoring Parkinson’s disease},
  author={Isenkul, Muhammed and Sakar, Betul and Kursun, Olcay and others},
  booktitle={The 2nd international conference on e-health and telemedicine (ICEHTM-2014)},
  volume={5},
  year={2014},
  pages={171-175}
}


% J

% K

@article{kamalov2020outlier,
  title={Outlier detection in high dimensional data},
  author={Kamalov, Firuz and Leung, Ho Hon},
  journal={Journal of Information \& Knowledge Management},
  volume={19},
  number={01},
  pages={2040013},
  doi={10.1142/S0219649220400134},
  year={2020},
  publisher={World Scientific}
}

@article{kandanaarachchi2020dimension,
  title={Dimension reduction for outlier detection using {DOBIN}},
  author={Kandanaarachchi, Sevvandi and Hyndman, Rob J},
  journal={Journal of Computational and Graphical Statistics},
  pages={1--16},
  year={2020},
  doi={10.1080/10618600.2020.1807353},
  publisher={Taylor \& Francis}
}

@article{kobak2019art,
  title={The art of using t-{SNE} for single-cell transcriptomics},
  author={Kobak, Dmitry and Berens, Philipp},
  journal={Nature communications},
  volume={10},
  number={1},
  pages={1--14},
  year={2019},
  publisher={Nature Publishing Group}
}

@article{kobak2021initialization,
  title={Initialization is critical for preserving global data structure in both t-SNE and UMAP},
  author={Kobak, Dmitry and Linderman, George C},
  journal={Nature Biotechnology},
  pages={1--2},
  year={2021},
  publisher={Nature Publishing Group}
}

% L

@InProceedings{large2018,
author="Large, James
and Kemsley, E. Kate
and Wellner, Nikolaus
and Goodall, Ian
and Bagnall, Anthony",
editor="Phung, Dinh
and Tseng, Vincent S.
and Webb, Geoffrey I.
and Ho, Bao
and Ganji, Mohadeseh
and Rashidi, Lida",
title="Detecting Forged Alcohol Non-invasively Through Vibrational Spectroscopy and Machine Learning",
booktitle="Advances in Knowledge Discovery and Data Mining",
year="2018",
publisher="Springer International Publishing",
address="Cham",
doi={10.1007/978-3-319-93034-3_24},
pages="298--309",
isbn="978-3-319-93034-3"
}

@book{lee2007nonlinear,
	title = {Nonlinear {Dimensionality} {Reduction}},
	publisher = {Springer Science \& Business Media},
	author = {Lee, John A. and Verleysen, Michel},
	edition={1},
	year = {2007},
	doi={10.1007/978-0-387-39351-3}
}

@article{lee2009quality,
  title={Quality assessment of dimensionality reduction: Rank-based criteria},
  author={Lee, John A and Verleysen, Michel},
  journal={Neurocomputing},
  volume={72},
  number={7-9},
  pages={1431--1443},
  year={2009},
  publisher={Elsevier}
}

article{lejeune2020shape,
  title={Shape-based outlier detection in multivariate functional data},
  author={Lejeune, Cl{\'e}ment and Mothe, Josiane and Soubki, Adil and Teste, Olivier},
  journal={Knowledge-Based Systems},
  volume={198},
  pages={105960},
  year={2020},
  publisher={Elsevier}
}

@article{liang2020new,
  title={A new method for performance analysis in nonlinear dimensionality reduction},
  author={Liang, Jiaxi and Chenouri, Shojaeddin and Small, Christopher G},
  journal={Statistical Analysis and Data Mining: The ASA Data Science Journal},
  volume={13},
  number={1},
  pages={98--108},
  year={2020},
  publisher={Wiley Online Library}
}

@inproceedings{liu2008isolation,
  title={Isolation forest},
  author={Liu, Fei Tony and Ting, Kai Ming and Zhou, Zhi-Hua},
  booktitle={2008 eighth ieee international conference on data mining},
  pages={413--422},
  year={2008},
  organization={IEEE}
}

@article{loperfido2020kurtosis,
  title={Kurtosis-based projection pursuit for outlier detection in financial time series},
  author={Loperfido, Nicola},
  journal={The European Journal of Finance},
  volume={26},
  number={2-3},
  pages={142--164},
  year={2020},
  publisher={Taylor \& Francis},
  doi={10.1080/1351847X.2019.1647864}
}


% M

@book{ma2011manifold,
  title={Manifold learning theory and applications},
  editor={Ma, Yunqian and Fu, Yun},
  edition={1},
  year={2011},
  publisher={CRC press},
  doi={doi.org/10.1201/b11431}
}

@article{maaten2008visualizing,
	title = {Visualizing data using t-{SNE}},
	volume = {9},
	number  = {86},
	issn = {ISSN 1533-7928},
	urldate = {2020-03-23},
	journal = {Journal of Machine Learning Research},
	author = {Maaten, Laurens van der and Hinton, Geoffrey},
	year = {2008},
	pages = {2579--2605},
	url     = {http://jmlr.org/papers/v9/vandermaaten08a.html}
}

@article{marques2020internal,
  title={Internal evaluation of unsupervised outlier detection},
  author={Marques, Henrique O and Campello, Ricardo JGB and Sander, J{\"o}rg and Zimek, Arthur},
  journal={ACM Transactions on Knowledge Discovery from Data (TKDD)},
  volume={14},
  number={4},
  pages={1--42},
  doi={10.1145/3394053},
  year={2020},
  publisher={ACM New York, NY, USA}
}

@misc{mcinnes2018umap,
  doi = {10.48550/ARXIV.1802.03426},
  url = {https://arxiv.org/abs/1802.03426},
  author = {McInnes, Leland and Healy, John and Melville, James},
  title = {{UMAP}: Uniform Manifold Approximation and Projection for Dimension Reduction},
  publisher = {arXiv},
  year = {2018}
}


@inproceedings{munoz2004one,
  title={One-class support vector machines and density estimation: The precise relation},
  author={Muñoz, Alberto and Moguerza, Javier M},
  booktitle={Iberoamerican Congress on Pattern Recognition},
  pages={216--223},
  year={2004},
  organization={Springer}
}

@InProceedings{munoz2004one,
author="Mu{\~{n}}oz, Alberto
and Moguerza, Javier M.",
editor="Sanfeliu, Alberto
and Mart{\'i}nez Trinidad, Jos{\'e} Francisco
and Carrasco Ochoa, Jes{\'u}s Ariel",
title="One-Class Support Vector Machines and Density Estimation: The Precise Relation",
booktitle="Progress in Pattern Recognition, Image Analysis and Applications",
year="2004",
publisher="Springer Berlin Heidelberg",
address="Berlin, Heidelberg",
doi={10.1007/978-3-540-30463-0_27},
pages="216--223",
isbn="978-3-540-30463-0"
}


% N

@article{navarro2021high,
  title={High-dimensional outlier detection using random projections},
  author={Navarro-Esteban, Paula and Cuesta-Albertos, Juan Antonio},
  journal={TEST},
  volume={30},
  number={4},
  pages={908--934},
  year={2021},
  doi={10.1007/s11749-020-00750-y},
  publisher={Springer}
}

% P

@inproceedings{pang2018learning,
  title={Learning representations of ultrahigh-dimensional data for random distance-based outlier detection},
  author={Pang, Guansong and Cao, Longbing and Chen, Ling and Liu, Huan},
  booktitle={Proceedings of the 24th ACM SIGKDD international conference on knowledge discovery \& data mining},
  pages={2041--2050},
  year={2018},
  doi={10.1145/3219819.3220042}
}


@article{pestov2000geometry,
  title={On the geometry of similarity search: Dimensionality curse and concentration of measure},
  author={Pestov, V},
  journal={Information Processing Letters},
  volume={73},
  number={1-2},
  pages={47--51},
  year={2000},
  doi={10.1016/S0020-0190(99)00156-8}
}

@article{petersen2019frechet,
    author = "Petersen, Alexander and Müller, Hans-Georg",
    journal = "The Annals of Statistics",
    journal = "Ann. Statist.",
    number = "2",
    pages = "691--719",
    publisher = "The Institute of Mathematical Statistics",
    title = "Fréchet regression for random objects with {E}uclidean predictors",
    volume = "47",
    year = "2019"
}

@article{pfisterer2019benchmarking,
	title = {Benchmarking time series classification -- {functional} data vs machine learning approaches},
	urldate = {2020-03-04},
	journal = {arXiv:1911.07511},
	author = {Pfisterer, Florian and Beggel, Laura and Sun, Xudong and Scheipl, Fabian and Bischl, Bernd},
	year = {2019},
	url = {https://arxiv.org/abs/1911.07511},
	keywords = {Computer Science - Machine Learning, Statistics - Machine Learning}
}

@article{polonik1997minimum,
  title={Minimum volume sets and generalized quantile processes},
  author={Polonik, Wolfgang},
  journal={Stochastic processes and their applications},
  volume={69},
  number={1},
  pages={1--24},
  year={1997},
  doi={10.1016/S0304-4149(97)00028-8},
  publisher={Elsevier}
}

@article{prastawa2004brain,
  title={A brain tumor segmentation framework based on outlier detection},
  author={Prastawa, Marcel and Bullitt, Elizabeth and Ho, Sean and Gerig, Guido},
  journal={Medical image analysis},
  volume={8},
  number={3},
  pages={275--283},
  year={2004},
  publisher={Elsevier}
}

% R

@inproceedings{rakthanmanon2012searching,
author = {Rakthanmanon, Thanawin and Campana, Bilson and Mueen, Abdullah and Batista, Gustavo and Westover, Brandon and Zhu, Qiang and Zakaria, Jesin and Keogh, Eamonn},
title = {Searching and Mining Trillions of Time Series Subsequences under Dynamic Time Warping},
year = {2012},
isbn = {9781450314626},
publisher = {Association for Computing Machinery},
address = {New York, NY, USA},
url = {https://doi.org/10.1145/2339530.2339576},
doi = {10.1145/2339530.2339576},
booktitle = {Proceedings of the 18th ACM SIGKDD International Conference on Knowledge Discovery and Data Mining},
pages = {262–270},
numpages = {9},
keywords = {similarity search, lower bounds, time series},
location = {Beijing, China},
series = {KDD '12}
}






@book{ramsay2005functional,
	address = {New York},
	edition = {2nd ed},
	series = {Springer series in statistics},
	title = {Functional data analysis},
	isbn = {978-0-387-40080-8},
	language = {en},
	publisher = {Springer},
	author = {Ramsay, J. O. and Silverman, B. W.},
	year = {2005},
	keywords = {Multivariate analysis},
	doi={10.1007/b98888}
}

@article{rebbapragada2009finding,
  title={Finding anomalous periodic time series},
  author={Rebbapragada, Umaa and Protopapas, Pavlos and Brodley, Carla E and Alcock, Charles},
  journal={Machine learning},
  volume={74},
  number={3},
  pages={281--313},
  year={2009},
  doi={10.1007/s10994-008-5093-3},
  publisher={Springer}
}

@article{ren2017projection,
  title={Projection-based outlier detection in functional data},
  author={Ren, Haojie and Chen, Nan and Zou, Changliang},
  journal={Biometrika},
  volume={104},
  number={2},
  doi={10.1093/biomet/asx012},
  pages={411--423},
  year={2017},
  publisher={Oxford University Press}
}

@article{ro2015outlier,
  title={Outlier detection for high-dimensional data},
  author={Ro, Kwangil and Zou, Changliang and Wang, Zhaojun and Yin, Guosheng},
  journal={Biometrika},
  volume={102},
  number={3},
  pages={589--599},
  doi={10.1093/biomet/asv021},
  year={2015},
  publisher={Oxford University Press}
}

@book{rousseeuw2005robust,
  title={Robust regression and outlier detection},
  author={Rousseeuw, Peter J and Leroy, Annick M},
  year={2005},
  doi={10.1002/0471725382},
  publisher={John Wiley \& Sons}
}

@article{rousseeuw2018measure,
  title={A measure of directional outlyingness with applications to image data and video},
  author={Rousseeuw, Peter J and Raymaekers, Jakob and Hubert, Mia},
  journal={Journal of Computational and Graphical Statistics},
  volume={27},
  number={2},
  pages={345--359},
  year={2018},
  publisher={Taylor \& Francis}
}

@article{roweis2000nonlinear,
  title={Nonlinear dimensionality reduction by locally linear embedding},
  author={Roweis, Sam T and Saul, Lawrence K},
  journal={Science},
  volume={290},
  number={5500},
  pages={2323--2326},
  doi={10.1126/science.290.5500.2323},
  year={2000},
  publisher={American Association for the Advancement of Science}
}

% S

@article{sangalli2010kmeans,
  title={K-mean alignment for curve clustering},
  author={Sangalli, Laura M and Secchi, Piercesare and Vantini, Simone and Vitelli, Valeria},
  journal={Computational Statistics \& Data Analysis},
  volume={54},
  number={5},
  pages={1219--1233},
  year={2010},
  publisher={Elsevier}
}

@article{sawant2012fpca,
	title={Functional outlier detection with robust functional principal component analysis},
  author={Sawant, Pallavi and Billor, Nedret and Shin, Hyejin},
  journal={Computational Statistics},
  volume={27},
  number={1},
  pages={83--102},
  year={2012},
  publisher={Springer}
}

@article{scott2006learning,
  title={Learning minimum volume sets},
  author={Scott, Clayton D and Nowak, Robert D},
  journal={The Journal of Machine Learning Research},
  year    = {2006},
  volume  = {7},
  number  = {24},
  pages   = {665-704},
  url     = {http://jmlr.org/papers/v7/scott06a.html}
}

@article{schubert2014local,
  title={Local outlier detection reconsidered: a generalized view on locality with applications to spatial, video, and network outlier detection},
  author={Schubert, Erich and Zimek, Arthur and Kriegel, Hans-Peter},
  journal={Data mining and knowledge discovery},
  volume={28},
  number={1},
  pages={190--237},
  year={2014},
  publisher={Springer}
}

@article{sguera2016functional,
	title = {Functional outlier detection by a local depth with application to {NOx} levels},
	author={Sguera, Carlo and Galeano, Pedro and Lillo, Rosa E},
  journal={Stochastic environmental research and risk assessment},
  volume={30},
  number={4},
  pages={1115--1130},
  year={2016},
  publisher={Springer}
}

@article{smets2019evaluation,
  title={Evaluation of distance metrics and spatial autocorrelation in uniform manifold approximation and projection applied to mass spectrometry imaging data},
  author={Smets, Tina and Verbeeck, Nico and Claesen, Marc and Asperger, Arndt and Griffioen, Gerard and Tousseyn, Thomas and Waelput, Wim and Waelkens, Etienne and De Moor, Bart},
  journal={Analytical chemistry},
  volume={91},
  number={9},
  pages={5706--5714},
  year={2019},
  publisher={ACS Publications}
}

@inproceedings{staerman2019functional,
  title={Functional isolation forest},
  author={Staerman, Guillaume and Mozharovskyi, Pavlo and Cl{\'e}men{\c{c}}on, Stephan and d’Alch{\'e}-Buc, Florence},
  booktitle={Asian Conference on Machine Learning},
  pages={332--347},
  year={2019},
  organization={PMLR}
}

@misc{steyer2021elastic,
  doi = {10.48550/ARXIV.2104.11039},
  url = {https://arxiv.org/abs/2104.11039},
  author = {Steyer, Lisa and Stöcker, Almond and Greven, Sonja},
  title = {Elastic analysis of irregularly or sparsely sampled curves},
  publisher = {arXiv},
  year = {2021},
}



% T

@article{tax2004support,
  title={Support vector data description},
  author={Tax, David MJ and Duin, Robert PW},
  journal={Machine learning},
  volume={54},
  number={1},
  pages={45--66},
  year={2004},
  publisher={Springer}
}

@article{tenenbaum2000global,
	title = {A {Global} {Geometric} {Framework} for {Nonlinear} {Dimensionality} {Reduction}},
	volume = {290},
	language = {en},
	doi={10.1126/science.290.5500.2319},
	number = {5500},
	journal = {Science},
	author = {Tenenbaum, Joshua B. and Silva, Vin de and Langford, John C.},
	year = {2000},
	pages = {2319--2323}
}

@inproceedings{thomas2016learning,
  title={Learning {H}yperparameters for {U}nsupervised {A}nomaly {D}etection.},
  author={Thomas, Albert and Feuillard, Vincent and Gramfort, Alexandre and Cl{\'e}men{\c{c}}on, St{\'e}phan},
  booktitle={ICML, Anomaly Detection Workshop},
  year={2016}
}

@article{thudumu2020comprehensive,
  title={A comprehensive survey of anomaly detection techniques for high dimensional big data},
  author={Thudumu, Srikanth and Branch, Philip and Jin, Jiong and Singh, Jugdutt Jack},
  journal={Journal of Big Data},
  volume={7},
  doi={10.1186/s40537-020-00320-x},
  number={1},
  pages={1--30},
  year={2020},
  publisher={Springer}
}

@inproceedings{toivola2010novelty,
  title={Novelty detection in projected spaces for structural health monitoring},
  author={Toivola, Janne and Prada, Miguel A and Hollm{\'e}n, Jaakko},
  booktitle={International Symposium on Intelligent Data Analysis},
  pages={208--219},
  year={2010},
  organization={Springer}
}

@InProceedings{toivola2010novelty,
author="Toivola, Janne
and Prada, Miguel A.
and Hollm{\'e}n, Jaakko",
editor="Cohen, Paul R.
and Adams, Niall M.
and Berthold, Michael R.",
title="Novelty Detection in Projected Spaces for Structural Health Monitoring",
booktitle="Advances in Intelligent Data Analysis IX",
year="2010",
publisher="Springer Berlin Heidelberg",
address="Berlin, Heidelberg",
pages="208--219",
isbn="978-3-642-13062-5",
doi={10.1007/978-3-642-13062-5_20}
}


% U

@article{unwin2019multivariate,
  title={Multivariate outliers and the {O}3 plot},
  author={Unwin, Antony},
  journal={Journal of Computational and Graphical Statistics},
  volume={28},
  doi={10.1080/10618600.2019.1575226},
  number={3},
  pages={635--643},
  year={2019},
  publisher={Taylor \& Francis}
}

% V

@article{vinue2020robust,
  title={Robust archetypoids for anomaly detection in big functional data},
  author={Vinue, Guillermo and Epifanio, Irene},
  journal={Advances in Data Analysis and Classification},
  pages={1--26},
  year={2020},
  publisher={Springer}
}

% W

@article{wang2016fdareview,
author = {Wang, Jane-Ling and Chiou, Jeng-Min and Müller, Hans-Georg},
title = {Functional Data Analysis},
journal = {Annual Review of Statistics and Its Application},
volume = {3},
number = {1},
pages = {257-295},
year = {2016},
    abstract = { With the advance of modern technology, more and more data are being recorded continuously during a time interval or intermittently at several discrete time points. These are both examples of functional data, which has become a commonly encountered type of data. Functional data analysis (FDA) encompasses the statistical methodology for such data. Broadly interpreted, FDA deals with the analysis and theory of data that are in the form of functions. This paper provides an overview of FDA, starting with simple statistical notions such as mean and covariance functions, then covering some core techniques, the most popular of which is functional principal component analysis (FPCA). FPCA is an important dimension reduction tool, and in sparse data situations it can be used to impute functional data that are sparsely observed. Other dimension reduction approaches are also discussed. In addition, we review another core technique, functional linear regression, as well as clustering and classification of functional data. Beyond linear and single- or multiple- index methods, we touch upon a few nonlinear approaches that are promising for certain applications. They include additive and other nonlinear functional regression models and models that feature time warping, manifold learning, and empirical differential equations. The paper concludes with a brief discussion of future directions. }
}

@article{wasserman2018topological,
  title={Topological data analysis},
  author={Wasserman, Larry},
  journal={Annual Review of Statistics and Its Application},
  volume={5},
  pages={501--532},
  year={2018},
  publisher={Annual Reviews}
}

% X

@article{xie2017geometric,
  title={A {G}eometric {A}pproach to {V}isualization of {V}ariability in {F}unctional data},
  author={Xie, Weiyi and Kurtek, Sebastian and Bharath, Karthik and Sun, Ying},
  journal={Journal of the American Statistical Association},
  volume={112},
  number={519},
  pages={979--993},
  year={2017},
  doi={10.1080/01621459.2016.1256813},
  publisher={Taylor \& Francis}
}

@article{xu2018comparison,
  title={A comparison of outlier detection techniques for high-dimensional data},
  author={Xu, Xiaodan and Liu, Huawen and Li, Li and Yao, Minghai},
  journal={International Journal of Computational Intelligence Systems},
  volume={11},
  number={1},
  doi={10.2991/ijcis.11.1.50},
  pages={652-662},
  year={2018},
  publisher={Atlantis Press BV}
}


% Y

@inproceedings{ye2009time,
  title={Time series shapelets: a new primitive for data mining},
  author={Ye, Lexiang and Keogh, Eamonn},
  booktitle={Proceedings of the 15th ACM SIGKDD International Conference on Knowledge Discovery and Data Mining},
  pages={947--956},
  year={2009}
}

% Z

@inproceedings{zhang2006anomaly,
  title={Anomaly based network intrusion detection with unsupervised outlier detection},
  author={Zhang, Jiong and Zulkernine, Mohammad},
  booktitle={2006 IEEE International Conference on Communications},
  volume={5},
  pages={2388--2393},
  doi={10.1109/ICC.2006.255127},
  year={2006},
  organization={IEEE}
}

@article{zimek2012survey,
  title={A survey on unsupervised outlier detection in high-dimensional numerical data},
  author={Zimek, Arthur and Schubert, Erich and Kriegel, Hans-Peter},
  journal={Statistical Analysis and Data Mining: The ASA Data Science Journal},
  volume={5},
  number={5},
  pages={363--387},
  doi={10.1002/sam.11161},
  year={2012},
  publisher={Wiley Online Library}
}

@article{zimek2015blind,
  title={The blind men and the elephant: on meeting the problem of multiple truths in data from clustering and pattern mining perspectives},
  author={Zimek, Arthur and Vreeken, Jilles},
  journal={Machine Learning},
  volume={98},
  number={1},
  pages={121--155},
  year={2015},
  doi={10.1007/s10994-013-5334-y},
  publisher={Springer}
}

@article{zimek2018there,
  title={There and back again: Outlier detection between statistical reasoning and data mining algorithms},
  author={Zimek, Arthur and Filzmoser, Peter},
  journal={Wiley Interdisciplinary Reviews: Data Mining and Knowledge Discovery},
  volume={8},
  number={6},
  pages={e1280},
  doi={10.1002/widm.1280},
  year={2018},
  publisher={Wiley Online Library}
}

